<record xmlns="http://www.loc.gov/MARC21/slim" xmlns:xsi="http://www.w3.org/2001/XMLSchema-instance" xsi:schemaLocation="http://www.loc.gov/MARC21/slim http://www.loc.gov/standards/marcxml/schema/MARC21slim.xsd"><leader>00000njm  22000007a 4500</leader><controlfield tag="008">201123s2012    xx |||||||||||||||||eng||</controlfield><datafield ind1="1" ind2=" " tag="024"><subfield code="a">802644855059</subfield></datafield><datafield ind1="3" ind2=" " tag="024"><subfield code="a">0802644855059</subfield></datafield><datafield ind1="0" ind2="1" tag="028"><subfield code="a">kscope550</subfield><subfield code="b">Kscope</subfield></datafield><datafield ind1="0" ind2=" " tag="041"><subfield code="a">eng</subfield></datafield><datafield ind1=" " ind2=" " tag="084"><subfield code="a">78</subfield><subfield code="2">ykl</subfield></datafield><datafield ind1=" " ind2=" " tag="091"><subfield code="a">77</subfield></datafield><datafield ind1=" " ind2=" " tag="095"><subfield code="a">788.334</subfield></datafield><datafield ind1=" " ind2=" " tag="097"><subfield code="a">78.89113</subfield></datafield><datafield ind1="1" ind2=" " tag="100"><subfield code="a">Wilson, Steven,</subfield><subfield code="e">esitt&#228;j&#228;</subfield></datafield><datafield ind1="1" ind2="0" tag="245"><subfield code="a">Get all you deserve /</subfield><subfield code="c">Steven Wilson</subfield></datafield><datafield ind1=" " ind2=" " tag="260"><subfield code="a">[S.l.] :</subfield><subfield code="b">Steven Wilson/Kscope,</subfield><subfield code="c">[2020]</subfield></datafield><datafield ind1=" " ind2=" " tag="300"><subfield code="a">2 CD-&#228;&#228;nilevy&#228; (63 min, 58 min) +</subfield><subfield code="e">BD-levy </subfield></datafield><datafield ind1=" " ind2=" " tag="500"><subfield code="a">Julkaistu alun perin 2012. BDMUS</subfield></datafield><datafield ind1="0" ind2=" " tag="505"><subfield code="a">No twilight within the courts of the sun. Index. Deform to form a star. Sectarian. Postcard. Remainder the black dog. Harmony korine. Abandoner. Like dust I have cleared from my eye. Luminol. Veneno para las hadas. No part of me. Raider II. Get all you deserve. BLU-RAY -LEVYLL&#196; LIS&#196;KSI: Intro (Citadel). Outro (Litany).</subfield></datafield><datafield ind1="0" ind2=" " tag="511"><subfield code="a">Steven Wilson (laulu, kitara, kosketinsoittimet), Adam Holzman (kosketinsoittimet), Marco Minneman (rummut), Nick Beggs (s&#228;hk&#246;basso, stick, laulu), Niko Tsonev (kitara), Theo Travis (saksofoni, huilu, klarinetti, kosketinsoittimet). Konserttielokuvan ohjaus Lasse Hoile</subfield></datafield><datafield ind1=" " ind2=" " tag="518"><subfield code="a">&#196;&#228;nitetty konsertissa 13.4.2012, Teatro Metropolitan, Mexico City</subfield></datafield><datafield ind1=" " ind2=" " tag="574"><subfield code="a">anssi.koskipuro@hel.fi</subfield></datafield><datafield ind1=" " ind2="7" tag="648"><subfield code="a">2010-luku</subfield></datafield><datafield ind1=" " ind2="7" tag="650"><subfield code="a">konsertit</subfield></datafield><datafield ind1=" " ind2="7" tag="651"><subfield code="a">Iso-Britannia</subfield></datafield><datafield ind1=" " ind2="7" tag="655"><subfield code="a">rock</subfield></datafield><datafield ind1=" " ind2="7" tag="655"><subfield code="a">progressiivinen rock</subfield></datafield><datafield ind1="1" ind2=" " tag="700"><subfield code="a">Wilson, Steven,</subfield><subfield code="e">s&#228;velt&#228;j&#228;</subfield></datafield><datafield ind1="1" ind2=" " tag="700"><subfield code="a">Wilson, Steven,</subfield><subfield code="e">laulaja</subfield></datafield><datafield ind1="1" ind2=" " tag="700"><subfield code="a">Wilson, Steven,</subfield><subfield code="e">kitara</subfield></datafield><datafield ind1="1" ind2=" " tag="700"><subfield code="a">Holzman, Adam,</subfield><subfield code="e">kosketinsoittimet</subfield></datafield><datafield ind1="1" ind2=" " tag="700"><subfield code="a">Minneman, Marco,</subfield><subfield code="e">rummut</subfield></datafield><datafield ind1="1" ind2=" " tag="700"><subfield code="a">Beggs, Nick,</subfield><subfield code="e">s&#228;hk&#246;basso</subfield></datafield><datafield ind1="1" ind2=" " tag="700"><subfield code="a">Tsonev, Niko,</subfield><subfield code="e">kitara</subfield></datafield><datafield ind1="1" ind2=" " tag="700"><subfield code="a">Travis, Theo,</subfield><subfield code="e">saksofoni</subfield></datafield><datafield ind1="1" ind2=" " tag="700"><subfield code="a">Travis, Theo,</subfield><subfield code="e">huilu</subfield></datafield><datafield ind1="1" ind2=" " tag="700"><subfield code="a">Travis, Theo,</subfield><subfield code="e">klarinetti</subfield></datafield><datafield ind1="0" ind2=" " tag="730"><subfield code="a">No twilight within the courts of the sun /</subfield><subfield code="g">Wilson, Steven</subfield></datafield><datafield ind1="0" ind2=" " tag="730"><subfield code="a">Index /</subfield><subfield code="g">Wilson, Steven</subfield></datafield><datafield ind1="0" ind2=" " tag="730"><subfield code="a">Deform to form a star /</subfield><subfield code="g">Wilson, Steven</subfield></datafield><datafield ind1="0" ind2=" " tag="730"><subfield code="a">Sectarian /</subfield><subfield code="g">Wilson, Steven</subfield></datafield><datafield ind1="0" ind2=" " tag="730"><subfield code="a">Postcard /</subfield><subfield code="g">Wilson, Steven</subfield></datafield><datafield ind1="0" ind2=" " tag="730"><subfield code="a">Remainder the black dog /</subfield><subfield code="g">Wilson, Steven</subfield></datafield><datafield ind1="0" ind2=" " tag="730"><subfield code="a">Harmony korine /</subfield><subfield code="g">Wilson, Steven</subfield></datafield><datafield ind1="0" ind2=" " tag="730"><subfield code="a">Abandoner /</subfield><subfield code="g">Wilson, Steven</subfield></datafield><datafield ind1="0" ind2=" " tag="730"><subfield code="a">Like dust I have cleared from my eye /</subfield><subfield code="g">Wilson, Steven</subfield></datafield><datafield ind1="0" ind2=" " tag="730"><subfield code="a">Luminol /</subfield><subfield code="g">Wilson, Steven</subfield></datafield><datafield ind1="0" ind2=" " tag="730"><subfield code="a">Veneno para las hadas /</subfield><subfield code="g">Wilson, Steven</subfield></datafield><datafield ind1="0" ind2=" " tag="730"><subfield code="a">No part of me /</subfield><subfield code="g">Wilson, Steven</subfield></datafield><datafield ind1="0" ind2=" " tag="730"><subfield code="a">Raider II /</subfield><subfield code="g">Wilson, Steven</subfield></datafield><datafield ind1="0" ind2=" " tag="730"><subfield code="a">Get all you deserve /</subfield><subfield code="g">Wilson, Steven</subfield></datafield><datafield ind1=" " ind2=" " tag="852"><subfield code="x">Helsingin luokanmuutos 7.5.2026</subfield></datafield></record>